@article{Lyngfelt2001,
    title = {{A fluidized-bed combustion process with inherent CO2 separation; Application of chemical-looping combustion}},
    year = {2001},
    journal = {Chemical Engineering Science},
    author = {Lyngfelt, Anders and Leckner, Bo and Mattisson, Tobias},
    number = {10},
    month = {5},
    pages = {3101--3113},
    volume = {56},
    publisher = {Pergamon},
    url = {https://www.sciencedirect.com/science/article/pii/S0009250901000070#BIB3 http://linkinghub.elsevier.com/retrieve/pii/S0009250901000070},
    isbn = {0009-2509},
    doi = {10.1016/S0009-2509(01)00007-0},
    issn = {00092509},
    pmid = {3141806},
    keywords = {CO2capture, Chemical-looping combustion, Energy, Environment, Fluidization, Fuel}
}

@article{Mirazimi2015a,
    title = {{A new approach for direct leaching of vanadium from LD converter slag}},
    year = {2015},
    journal = {Chemical Engineering Research and Design},
    author = {Mirazimi, S.M.J. and Rashchi, F. and Saba, M.},
    month = {2},
    pages = {131--140},
    volume = {94},
    publisher = {Elsevier},
    url = {https://www.sciencedirect.com/science/article/pii/S0263876215000027},
    doi = {10.1016/J.CHERD.2014.12.010},
    issn = {0263-8762}
}

@article{Diener2010,
    title = {{Accelerated carbonation of steel slags in a landfill cover construction}},
    year = {2010},
    journal = {Waste Management},
    author = {Diener, S. and Andreas, L. and Herrmann, I. and Ecke, H. and Lagerkvist, A.},
    isbn = {1879-2456 (Electronic){\textbackslash}r0956-053X (Linking)},
    doi = {10.1016/j.wasman.2009.08.007},
    issn = {0956053X},
    pmid = {19836224}
}

@article{Das2007,
    title = {{An overview of utilization of slag and sludge from steel industries}},
    year = {2007},
    journal = {Resources, Conservation and Recycling},
    author = {Das, B. and Prakash, S. and Reddy, P.S.R. and Misra, V.N.},
    number = {1},
    month = {3},
    pages = {40--57},
    volume = {50},
    publisher = {Elsevier},
    url = {https://www.sciencedirect.com/science/article/pii/S0921344906001297},
    doi = {10.1016/J.RESCONREC.2006.05.008},
    issn = {0921-3449}
}

@article{Ashcomp,
    title = {{Ash deposition during biomass and coal combustion: A mechanistic approach}},
    year = {1993},
    journal = {Biomass and Bioenergy},
    author = {Baxter, Larry L.},
    number = {2},
    month = {1},
    pages = {85--102},
    volume = {4},
    publisher = {Pergamon},
    url = {https://www.sciencedirect.com/science/article/pii/096195349390031X http://linkinghub.elsevier.com/retrieve/pii/096195349390031X},
    doi = {10.1016/0961-9534(93)90031-X},
    issn = {09619534}
}

@article{Oxygen2013,
    title = {{Basic Oxygen Steelmaking Simulation, version 1.36 User Guide}},
    year = {2013},
    author = {Oxygen, Basic and Simulation, Steelmaking and Guide, User},
    pages = {1--25}
}

@article{Bui2018,
    title = {{Bio-energy with carbon capture and storage (BECCS): Opportunities for performance improvement}},
    year = {2018},
    journal = {Fuel},
    author = {Bui, Mai and Fajardy, Mathilde and Mac Dowell, Niall},
    month = {2},
    pages = {164--175},
    volume = {213},
    publisher = {Elsevier},
    url = {https://www.sciencedirect.com/science/article/pii/S0016236117313583},
    doi = {10.1016/J.FUEL.2017.10.100},
    issn = {0016-2361}
}

@article{Lyngfelt2017,
    title = {{Chemical-Looping Combustion of Solid Fuels – Status and Recent Progress}},
    year = {2017},
    journal = {Energy Procedia},
    author = {Lyngfelt, Anders and Linderholm, Carl},
    month = {7},
    pages = {371--386},
    volume = {114},
    publisher = {Elsevier},
    url = {https://www.sciencedirect.com/science/article/pii/S1876610217313541},
    doi = {10.1016/J.EGYPRO.2017.03.1179},
    issn = {1876-6102}
}

@article{Cho2004,
    title = {{Comparison of iron-, nickel-, copper- and manganese-based oxygen carriers for chemical-looping combustion}},
    year = {2004},
    journal = {Fuel},
    author = {Cho, Paul and Mattisson, Tobias and Lyngfelt, Anders},
    number = {9},
    month = {6},
    pages = {1215--1225},
    volume = {83},
    publisher = {Elsevier},
    url = {https://www.sciencedirect.com/science/article/pii/S0016236103004071 http://linkinghub.elsevier.com/retrieve/pii/S0016236103004071},
    doi = {10.1016/j.fuel.2003.11.013},
    issn = {00162361}
}

@article{Alkali,
    title = {{Countermeasures against alkali-related problems during combustion of biomass in a circulating fluidized bed boiler}},
    year = {2008},
    journal = {Chemical Engineering Science},
    author = {Davidsson, K.O. and {\AA}mand, L.-E. and Steenari, B.-M. and Elled, A.-L. and Eskilsson, D. and Leckner, B.},
    number = {21},
    month = {11},
    pages = {5314--5329},
    volume = {63},
    publisher = {Pergamon},
    url = {https://www.sciencedirect.com/science/article/pii/S000925090800362X},
    doi = {10.1016/J.CES.2008.07.012},
    issn = {0009-2509}
}

@article{WorldSteelAssociation2015,
    title = {{Crude steel production 2017}},
    year = {2015},
    journal = {World Steel Association},
    author = {{World Steel Association}},
    pages = {2015},
    url = {https://www.worldsteel.org/steel-by-topic/statistics/Statistics-monthly-crude-steel-and-iron-data/steel-archive.html},
    keywords = {WSA}
}

@article{Zevenhoven2018,
    title = {{Defluidization of the oxygen carrier ilmenite – Laboratory experiments with potassium salts}},
    year = {2018},
    journal = {Energy},
    author = {Zevenhoven, Maria and Sevonius, Christoffer and Salminen, Patrik and Lindberg, Daniel and Brink, Anders and Yrjas, Patrik and Hupa, Leena},
    month = {4},
    pages = {930--940},
    volume = {148},
    publisher = {Pergamon},
    url = {https://www.sciencedirect.com/science/article/pii/S0360544218302123 https://www.sciencedirect.com/science/article/pii/S0360544218302123?via%3Dihub},
    doi = {10.1016/J.ENERGY.2018.01.184},
    issn = {0360-5442}
}

@article{Skyllas-Kazacos1987,
    title = {{Efficient Vanadium Redox Flow Cell}},
    year = {1987},
    journal = {Journal of The Electrochemical Society},
    author = {Skyllas-Kazacos, M.},
    number = {12},
    pages = {2950},
    volume = {134},
    url = {http://jes.ecsdl.org/cgi/doi/10.1149/1.2100321},
    doi = {10.1149/1.2100321}
}

@misc{chalmerspanna,
    title = {{F{\"{o}}rs{\"{o}}kskampanj med LD-slagg p{\aa} Chalmers kraftcentral}},
    booktitle = {2018},
    url = {https://research.chalmers.se/project/8015}
}

@misc{Jernkontoret2018,
    title = {{Gasreningsstoft och -slam - Jernkontoret}},
    year = {2018},
    booktitle = {19 november},
    author = {{Jernkontoret}},
    url = {https://www.jernkontoret.se/sv/stalindustrin/tillverkning-anvandning-atervinning/restprodukter/gasreningsstoft-och--slam/}
}

@misc{glas,
    title = {{glas - Uppslagsverk - NE.se}},
    booktitle = {Nationalencyklopedin},
    url = {https://www.ne.se/uppslagsverk/encyklopedi/lång/glas}
}

@misc{NohrstedtLinda2018,
    title = {{Gruvf{\"{o}}retag jagar vanadin till batterier}},
    year = {2018},
    booktitle = {Nyteknik},
    author = {{Nohrstedt Linda}},
    pages = {1},
    url = {https://www.nyteknik.se/premium/gruvforetag-jagar-vanadin-till-batterier-6941253}
}

@book{Jernkontoretrest,
    title = {{Handbok Restprodukter - Jernkontoret}},
    author = {{Jernkontoret}},
    publisher = {Jernkontoret},
    url = {https://www.jernkontoret.se/sv/publicerat/handbocker-och-utbildningskompendier/handbok-restprodukter/},
    address = {Stockholm},
    isbn = {978-91-982397-1-3}
}

@article{Jernkontoret2000del1,
    title = {{J{\"{a}}rn- och st{\aa}lframst{\"{a}}llning, utbildningspaket del 1}},
    year = {2000},
    journal = {Historia Grundl{\"{a}}ggande metallurgi},
    author = {{Jernkontoret}},
    url = {http://www.jernkontoret.se/globalassets/publicerat/handbocker/utbildningspaket/jarn-och-stalframstallning_del1.pdf}
}

@article{Jernkontoret2000del2,
    title = {{J{\"{a}}rn- och st{\aa}lframst{\"{a}}llning, utbildningspaket del 2}},
    year = {2000},
    journal = {Malmbaserad processmetallurgi},
    author = {{Jernkontoret}},
    url = {http://www.jernkontoret.se/globalassets/publicerat/handbocker/utbildningspaket/jarn-och-stalframstallning_del2.pdf}
}

@article{lakning,
    title = {{Leaching}},
    year = {2014},
    journal = {Access Science},
    author = {Miller, Shelby A.},
    publisher = {McGraw-Hill Education},
    url = {https://www.accessscience.com/content/leaching/374300},
    doi = {10.1036/1097-8542.374300}
}

@article{Yang2014,
    title = {{Leaching kinetics of calcification roasted vanadium slag with high CaO content by sulfuric acid}},
    year = {2014},
    journal = {International Journal of Mineral Processing},
    author = {Yang, Zhao and Li, Hong Yi and Yin, Xu Chen and Yan, Zhi Ming and Yan, Xiao Man and Xie, Bing},
    isbn = {0301-7516},
    doi = {10.1016/j.minpro.2014.10.011},
    issn = {03017516},
    keywords = {Acid leaching, Calcification roast, Kinetics, Vanadium slag}
}

@article{Aarabi-Karasgani2010,
    title = {{Leaching of vanadium from LD converter slag using sulfuric acid}},
    year = {2010},
    journal = {Hydrometallurgy},
    author = {Aarabi-Karasgani, M. and Rashchi, F. and Mostoufi, N. and Vahidi, E.},
    number = {1-4},
    month = {4},
    pages = {14--21},
    volume = {102},
    publisher = {Elsevier},
    url = {https://www.sciencedirect.com/science/article/pii/S0304386X10000204},
    doi = {10.1016/J.HYDROMET.2010.01.006},
    issn = {0304-386X}
}

@article{doi:10.1021/acs.energyfuels.8b01888,
    title = {{Mechanism for Migration and Layer Growth of Biomass Ash on Ilmenite Used for Oxygen Carrier Aided Combustion}},
    year = {2018},
    journal = {Energy {\&} Fuels},
    author = {Corcoran, Angelica and Knutsson, Pavleta and Lind, Fredrik and Thunman, Henrik},
    number = {8},
    pages = {8845--8856},
    volume = {32},
    url = {https://doi.org/10.1021/acs.energyfuels.8b01888},
    doi = {10.1021/acs.energyfuels.8b01888}
}

@article{doi:10.1021/acs.energyfuels.7b00197,
    title = {{Oxygen-Carrier-Aided Combustion in a Bench-Scale Fluidized Bed}},
    year = {2017},
    journal = {Energy {\&} Fuels},
    author = {Wang, Peining and Leion, Henrik and Yang, Hairui},
    number = {6},
    pages = {6463--6471},
    volume = {31},
    url = {https://doi.org/10.1021/acs.energyfuels.7b00197},
    doi = {10.1021/acs.energyfuels.7b00197}
}

@article{Lopez-Vizcaino2017,
    title = {{Performance of a vanadium redox flow battery for the storage of electricity produced in photovoltaic solar panels}},
    year = {2017},
    journal = {Renewable Energy},
    author = {L{\'{o}}pez-Vizca{\'{i}}no, Rubén and Mena, Esperanza and Mill{\'{a}}n, María and Rodrigo, Manuel A. and Lobato, Justo},
    month = {12},
    pages = {1123--1133},
    volume = {114},
    publisher = {Pergamon},
    url = {https://www.sciencedirect.com/science/article/pii/S0960148117307462?via%3Dihub},
    doi = {10.1016/J.RENENE.2017.07.118},
    issn = {0960-1481}
}

@article{Xu2017,
    title = {{Performance of Industrial Residues as Low Cost Oxygen Carriers}},
    year = {2017},
    journal = {Energy Procedia},
    author = {Xu, Lei and Schwebel, Georg L. and Knutsson, Pavleta and Leion, Henrik and Li, Zhenshan and Cai, Ningsheng},
    month = {7},
    pages = {361--370},
    volume = {114},
    publisher = {Elsevier},
    url = {https://www.sciencedirect.com/science/article/pii/S187661021731353X?via%3Dihub},
    doi = {10.1016/J.EGYPRO.2017.03.1178},
    issn = {1876-6102}
}

@article{Proctor2000,
    title = {{Physical and chemical characteristics of blast furnace, basic oxygen furnace, and electric arc furnace steel industry slags}},
    year = {2000},
    journal = {Environmental Science and Technology},
    author = {Proctor, D. M. and Fehling, K. A. and Shay, E. C. and Wittenborn, J. L. and Green, J. J. and Avent, C. and Bigham, R. D. and Connolly, M. and Lee, B. and Shepker, T. O. and Zak, M. A.},
    number = {8},
    pages = {1576--1582},
    volume = {34},
    isbn = {0013-936X},
    doi = {10.1021/es9906002},
    issn = {0013936X}
}

@misc{RobertVikman,
    title = {{R{\aa}varor - Jernkontoret}},
    author = {{Robert Vikman}},
    url = {https://www.jernkontoret.se/sv/stalindustrin/tillverkning-anvandning-atervinning/ravaror/}
}

@article{Navigation2018,
    title = {{Report on Critical Raw Materials and the Circular Economy}},
    year = {2018},
    journal = {COMMISSION STAFF WORKING DOCUMENT Report on Critical Raw Materials and the Circular Economy},
    author = {Staff, Commission},
    url = {https://ec.europa.eu/docsroom/documents/27327}
}

@misc{Slagg-Jernkontoret,
    title = {{Slagg - Jernkontoret}},
    year = {2018},
    url = {https://www.jernkontoret.se/sv/stalindustrin/tillverkning-anvandning-atervinning/restprodukter/slagg/}
}

@misc{PontusWestrin,
    title = {{St{\aa}l- och metallindustriavfall}},
    booktitle = {SGU},
    author = {{Pontus Westrin}},
    url = {https://www.sgu.se/mineralnaring/metall--och-mineralatervinning/stal--och-metallindustriavfall/}
}

@article{Pehlke2014a,
    title = {{Steel manufacture}},
    year = {2014},
    journal = {Access Science},
    author = {Pehlke, Robert D.},
    publisher = {McGraw-Hill Education},
    url = {https://www.accessscience.com/content/steel-manufacture/653800},
    doi = {10.1036/1097-8542.653800}
}

@techreport{SverigesEnergimybn2009,
    title = {{St{\"{o}}d f{\"{o}}r installation av solceller}},
    year = {2009},
    author = {{Energimyndigheten}},
    url = {https://www.energimyndigheten.se/globalassets/fornybart/solenergi/manadsrapporter/2018/manadsrapport-solcellstodet-december-2018.pdf}
}

@article{Lundkvist2013,
    title = {{System analysis of slag utilisation from vanadium recovery in an integrated steel plant}},
    year = {2013},
    journal = {Journal of Cleaner Production},
    author = {Lundkvist, Katarina and Br{\"{a}}mming, Mats and Larsson, Mikael and Samuelsson, Caisa},
    month = {5},
    pages = {43--51},
    volume = {47},
    publisher = {Elsevier},
    url = {https://www.sciencedirect.com/science/article/pii/S0959652612004659},
    doi = {10.1016/J.JCLEPRO.2012.09.002},
    issn = {0959-6526}
}

@article{OresHenrik,
    title = {{Use of Ores and Industrial Products As Oxygen Carriers in Chemical-Looping Combustion}},
    year = {2009},
    journal = {Energy {\&} Fuels},
    author = {Leion, Henrik and Mattisson, Tobias and Lyngfelt, Anders},
    number = {4},
    month = {4},
    pages = {2307--2315},
    volume = {23},
    url = {https://doi.org/10.1021/ef8008629 http://pubs.acs.org/doi/abs/10.1021/ef8008629},
    doi = {10.1021/ef8008629},
    issn = {0887-0624}
}

@article{Pecoraro2014,
    title = {{Vanadium}},
    year = {2014},
    journal = {Access Science},
    author = {Pecoraro, Vincent L.},
    publisher = {McGraw-Hill Education},
    url = {https://www.accessscience.com/content/vanadium/727100},
    doi = {10.1036/1097-8542.727100}
}

@article{Pecoraro2014a,
    title = {{Vanadium}},
    year = {2014},
    journal = {Access Science},
    author = {Pecoraro, Vincent L.},
    publisher = {McGraw-Hill Education},
    url = {https://www.accessscience.com/content/vanadium/727100},
    doi = {10.1036/1097-8542.727100}
}

@incollection{Baroch2013,
    title = {{Vanadium and Vanadium Alloys}},
    year = {2013},
    booktitle = {Kirk-Othmer Encyclopedia of Chemical Technology},
    author = {Baroch, Edmund F. and {Updated by Staff}},
    month = {4},
    pages = {1--18},
    publisher = {John Wiley {\&} Sons, Inc.},
    url = {http://doi.wiley.com/10.1002/0471238961.22011401.a01.pub3},
    address = {Hoboken, NJ, USA},
    doi = {10.1002/0471238961.22011401.a01.pub3},
    keywords = {batteries, ferrovanadium, steel, superconductors, vanadium}
}

@misc{CoalAcademic,
    title = {{coal utilization -- Britannica Academic}},
    booktitle = {Britannica Academic},
    url = {https://academic.eb.com/levels/collegiate/article/coal-utilization/110683?fbclid=IwAR1pjQKrlYDs5fNZUj8XtmuWqRsD8PdXGK90Pb4HyuI5o6Y6p12rr8ycZTg#81725.toc}
}

@techreport{teknikomrade2018Stalindustrin2018.,
    title = {{St{\aa}lindustrin g{\"{o}}r mer {\"{a}}n st{\aa}l. Handbok f{\"{o}}r restprodukter 2018.}},
    year = {2018},
    author = {teknikomr{\aa}de, Jernkontorets},
    keywords = {Svensk st{\aa}lindustri, anv{\"{a}}ndning, produktion, restprodukter}
}

@article{SwereaSlags,
    title = {{Swerea MEFOS perspective on metal recovery from slags}},
    journal = {slag-valorisation-symposium.eu},
    url = {http://www.slag-valorisation-symposium.eu/2013/images/papers/s2_3_Ye.pdf}
}