@article{Mirazimi2015,
    title = {{A new approach for direct leaching of vanadium from LD converter slag}},
    year = {2015},
    journal = {Chemical Engineering Research and Design},
    author = {Mirazimi, S.M.J. and Rashchi, F. and Saba, M.},
    month = {2},
    pages = {131--140},
    volume = {94},
    publisher = {Elsevier},
    url = {https://www.sciencedirect.com/science/article/pii/S0263876215000027},
    doi = {10.1016/J.CHERD.2014.12.010},
    issn = {0263-8762}
}

@article{Aarabi-Karasgani2010,
    title = {{Leaching of vanadium from LD converter slag using sulfuric acid}},
    year = {2010},
    journal = {Hydrometallurgy},
    author = {Aarabi-Karasgani, M. and Rashchi, F. and Mostoufi, N. and Vahidi, E.},
    number = {1-4},
    month = {4},
    pages = {14--21},
    volume = {102},
    publisher = {Elsevier},
    url = {https://www.sciencedirect.com/science/article/pii/S0304386X10000204},
    doi = {10.1016/J.HYDROMET.2010.01.006},
    issn = {0304-386X}
}